@book{knuth97,
  added-at = {2015-06-04T07:09:07.000+0200},
  address = {Reading, Mass.},
  author = {Knuth, Donald E.},
  biburl = {https://www.bibsonomy.org/bibtex/296a2ce8070028e53a72f4b1d64d467a5/ytyoun},
  edition = {Third},
  interhash = {bb4a4a475ed6fc749f4863d5fa9bb651},
  intrahash = {96a2ce8070028e53a72f4b1d64d467a5},
  isbn = {0201896834 9780201896831},
  keywords = {algorithm knuth no.pdf taocp textbook},
  publisher = {Addison-Wesley},
  refid = {872287313},
  timestamp = {2015-07-29T09:31:31.000+0200},
  title = {The Art of Computer Programming, Vol. 1: Fundamental Algorithms},
  year = 1997
}

@article{salsburg1962,
  author    = {Z. W. Salsburg and W. W. Wood},
  title     = {Equation of state of classical hard spheres at high density},
  journal   = {Journal of Chemical Physics},
  volume    = {37},
  number    = {4},
  pages     = {798--804},
  year      = {1962},
  doi       = {10.1063/1.1733163}
}

@article{johnson1993,
  author    = {J. K. Johnson and J. A. Zollweg and K. E. Gubbins},
  title     = {The Lennard-Jones equation of state revisited},
  journal   = {Molecular Physics},
  volume    = {78},
  number    = {3},
  pages     = {591--618},
  year      = {1993},
  doi       = {10.1080/00268979300100411}
}

