@Inbook{Sokal1997,
author="Sokal, A.",
title="Monte Carlo Methods in Statistical Mechanics: Foundations and New Algorithms",
bookTitle="Functional Integration: Basics and Applications",
year="1997",
publisher="Springer US",
address="Boston, MA",
pages="131--192",
abstract="These notes are an updated version of lectures given at the Cours de Troisi{\`e}me Cycle de la Physique en Suisse Romande (Lausanne, Switzerland) in June 1989. We thank the Troisi{\`e}me Cycle de la Physique en Suisse Romande and Professor Michel Droz for kindly giving permission to reprint these notes.",
isbn="978-1-4899-0319-8",
doi="10.1007/978-1-4899-0319-8_6",
url="https://doi.org/10.1007/978-1-4899-0319-8_6"
}

@article{OrlandoBrando,
       author = {Tesi, M.~C. and Janse van Rensburg, E.~J. and Orlandini, E. and Whittington, S.~G.},
        title = "{Monte Carlo study of the interacting self-avoiding walk model in three dimensions}",
      journal = "Journal of Statistical Physics",
         year = "1996",
        volume = "82",
        number = "1-2",
         pages = "155-181",
           doi = "10.1007/BF02189229",
        month = jan
}

@article{Marinari-1992,
 doi       = {10.1209/0295-5075/19/6/002},
 title     = {Simulated Tempering: A New Monte Carlo Scheme},
 author    = {Marinari, E; Parisi, G},
 publisher = {EDP Sciences},
 journal   = {EPL (Europhysics Letters)},
 issn      = {0295-5075,1286-4854},
 year      = {1992},
 volume    = {19},
 issue     = {6},
 pages     = {451--458},
 url       = {http://doi.org/10.1209/0295-5075%2F19%2F6%2F002}
}